<?xml version="1.0" encoding="UTF-8"?><collection xmlns="http://www.loc.gov/MARC21/slim"><record><leader>00421nam--2200133-i-4500</leader><controlfield tag="001">000029651</controlfield><controlfield tag="002">20161230</controlfield><controlfield tag="005">20161230201037</controlfield><controlfield tag="008">060222s1000------------r-----000-0-eng-d</controlfield><datafield ind1=" " ind2=" " tag="080"><subfield code="a">511.212(043)</subfield></datafield><datafield ind1=" " ind2=" " tag="100"><subfield code="a">Lagrange,  Jean</subfield></datafield><datafield ind1=" " ind2=" " tag="245"><subfield code="a">Contribution a l`etude des nombres congruents.ensembles d`entiers dont les soumes deux a deux sont des carres.these</subfield></datafield><datafield ind1=" " ind2=" " tag="260"><subfield code="a">Reims, L`Universite De Reims, 1976. 164p</subfield></datafield><datafield ind1=" " ind2=" " tag="852"><subfield code="a">44795</subfield></datafield></record></collection>